@book{DBLP:KernighanR88,
  author    = {Brian W. Kernighan and Dennis Ritchie},
  title     = {{The C Programming Language, Second Edition}},
  publisher = {Prentice-Hall},
  year      = {1988},
  isbn      = {0-13-110370-9},
  bibsource = {DBLP, http://dblp.uni-trier.de}
}

@misc{extlib:googlecode,
  author = {Nicolas Cannasse and Brian Hurt and Yamagata Yoriyuki and Janne Hellsten},
  title = {{ocaml--extlib -- OCaml ExtLib -- Extended Standard Library for Objective Caml -- Google Project Hosting}},
  note = {\url{http://code.google.com/p/ocaml-extlib/}},
}
